<record><leader>00000cas a2200000 a 4500</leader><controlfield tag="001">20128821</controlfield><controlfield tag="008">890804d196619uuazumr n       0   a0eng d</controlfield><datafield ind1=" " ind2=" " tag="010"><subfield code="a">sn 96060909 </subfield></datafield><datafield ind1=" " ind2=" " tag="040"><subfield code="a">AZP</subfield><subfield code="b">eng</subfield><subfield code="c">AZP</subfield><subfield code="d">ANN</subfield><subfield code="d">OCL</subfield><subfield code="d">ANN</subfield><subfield code="d">OCLCQ</subfield><subfield code="d">OCLCF</subfield><subfield code="d">OCLCO</subfield></datafield><datafield ind1="1" ind2=" " tag="029"><subfield code="a">AU@</subfield><subfield code="b">000012971628</subfield></datafield><datafield ind1=" " ind2=" " tag="042"><subfield code="a">msc</subfield></datafield><datafield ind1=" " ind2=" " tag="043"><subfield code="a">n-us-az</subfield></datafield><datafield ind1="0" ind2="0" tag="245"><subfield code="a">Lake side Arizona desert sun.</subfield></datafield><datafield ind1="3" ind2="0" tag="246"><subfield code="a">Desert sun</subfield></datafield><datafield ind1="3" ind2="0" tag="246"><subfield code="a">Arizona desert sun</subfield></datafield><datafield ind1=" " ind2=" " tag="260"><subfield code="a">Parker, Ariz. ;</subfield><subfield code="a">Phoenix, Ariz. :</subfield><subfield code="b">Lake-Side Subdivision, Inc.,</subfield><subfield code="c">1966-</subfield></datafield><datafield ind1=" " ind2=" " tag="300"><subfield code="a">v. :</subfield><subfield code="b">ill. ;</subfield><subfield code="c">22 x 29 cm.</subfield></datafield><datafield ind1=" " ind2=" " tag="310"><subfield code="a">Monthly</subfield></datafield><datafield ind1="0" ind2=" " tag="362"><subfield code="a">Vol. 1, no. 1 (Apr. 1966)-</subfield></datafield><datafield ind1=" " ind2="0" tag="651"><subfield code="a">Parker (Ariz.)</subfield><subfield code="v">Newspapers.</subfield></datafield><datafield ind1=" " ind2="0" tag="651"><subfield code="a">La Paz County (Ariz.)</subfield><subfield code="v">Newspapers.</subfield></datafield><datafield ind1=" " ind2="7" tag="655"><subfield code="a">Newspapers.</subfield><subfield code="2">fast</subfield><subfield code="0">(OCoLC)fst01423814</subfield></datafield><datafield ind1=" " ind2="7" tag="651"><subfield code="a">Arizona</subfield><subfield code="z">La Paz County.</subfield><subfield code="2">fast</subfield><subfield code="0">(OCoLC)fst01230075</subfield></datafield><datafield ind1=" " ind2="7" tag="651"><subfield code="a">Arizona</subfield><subfield code="z">Parker.</subfield><subfield code="2">fast</subfield><subfield code="0">(OCoLC)fst01226552</subfield></datafield><datafield ind1=" " ind2=" " tag="752"><subfield code="a">United States</subfield><subfield code="b">Arizona</subfield><subfield code="c">La Paz</subfield><subfield code="d">Parker.</subfield></datafield></record>